%% This BibTeX bibliography file was created using BibDesk.
%% http://bibdesk.sourceforge.net/


%% Created for Nacho at 2011-04-01 11:38:44 +0200 https://es.overleaf.com/project/634c79ee2418295014b7e41a


%% Saved with string encoding Unicode (UTF-8) 


@string{arpc = {Annu. Rev. Phys. Chem.}}

@string{jcp = {J.~Chem. Phys.}}

@string{josab = {J.~Opt. Soc. Am.~B}}

@string{prl = {Phys. Rev. Lett.}}

@string{rmp = {Rev. Mod. Phys.}}


@article{ARP:BV:1997,
        Author = {Bernstein, Ethan and Vazirani, Umesh},
        Title = {Quantum Complexity Theory},
        Journal = {SIAM Journal on Computing},
        Volume = {26},
        Pages = {1411-1473},
        Year = {1997},
        doi = {10.1137/S0097539796300921},
        URL = {https://doi.org/10.1137/S0097539796300921}}

@book{GEN:Bransden:2003,
	Author = {B.~H.~Bransden and C.~J.~Joachain},
	Publisher = {New York: Prentice-Hall},
	Title = {Physics of Atoms and Molecules},
	Volume = {2nd Ed.},
	Year = 2003}

@book{GEN:Bransden:2003,
	Author = {S.~H.~Patil and K.~T.~Tang},
	Publisher = {Berlin; New York: Springer},
	Title = {Asymptotic Methods in Quantum Mechanics: Application to Atoms, Molecules, and Nuclei},
	Year = 2000}

@article{ARP:Loy:1974,
	Author = {M.~M.~T.~Loy},
	Journal = PRL,
	Pages = {814-817},
	Title = {Observation of Population Inversion by Optical Adiabatic Rapid Passage},
	Volume = {32},
	Year = {1974}}

@article{ARP:Melinger:1991,
	Author = {J.~S.~Melinger and A.~Hariharan and S.~R.~Gandhi and W.~S.~Warren},
	Journal = JCP,
	Pages = {2210-2213},
	Title = {Adiabatic population inversion in $I_{2}$ vapor with picosecond laser pulses},
	Volume = {95},
	Year = {1991}}

@article{CT:Phillips:1985,
	Author = {W.~D.~Phillips and J.~V.~Prodan and H.~J.~Metcalf},
	Journal = JOSAB,
	Pages = {1751-1767},
	Title = {Laser cooling and electromagnetic trapping of neutral atoms},
	Volume = {2},
	Year = {1985}}

@article{CT:Weiner:1999,
	Author = {J.~Weiner and V.~S.~Bagnato and S.~Zilio and P.~S.~Julienne},
	Journal = RMP,
	Pages = {1-85},
	Title = {Experiments and theory in cold and ultracold collisions},
	Volume = {71},
	Year = {1999}}

@article{CT:Gould:1988,
	Author = {P.~L.~Gould and P.~D.~Lett and P.~S.~Julienne and W.~D.~Phillips},
	Journal = PRL,
	Pages = {788-791},
	Title = {Observation of Associative Ionization of Ultracold Laser-Trapped Sodium Atoms},
	Volume = {60},
	Year = {1988}}

@misc{DMatrix:DePaola:2003,
	Author = {B.~D.~DePaola},
	Howpublished = {Kansas State University, Manhattan, KS},
	Note = {(Unpublished)},
	Title = {Lectures on Coherent Excitation},
	Year = {2003}}

@misc{DMatrix:Weaver:2005,
	Author = {O.~L.~Weaver},
	Howpublished = {Kansas State University, Manhattan, KS},
	Note = {(Private Communication)},
	Year = {2005}}

@phdthesis{DMatrix:Nguyen:2003,
	Author = {H.~Nguyen},
	School = {Kansas State University},
	Title = {MOTRIMS},
	Year = {2003}}

@misc{Note:Params1:2005,
	Note = {You can add the text of a note between the braces.}}

@misc{Note:MT:1998,
        Note = {T. Y. Chen, S. C. Cheung, and S. M. Yiu, “Metamorphic testing: A new approach for generating next test cases,” Technical Report HKUST-CS98-01, Department of Computer Science, The Hong Kong University of Science and Technology, Tech. Rep., 1998.}}

